@misc{yiu2019randomforest,
  author = {Yiu, Tony},
  title = {{Understanding Random Forest}},
  howpublished = "\url{https://towardsdatascience.com/understanding-random-forest-58381e0602d2}",
  year = {2019}, 
  note = "[Online; accessed 12-December-2019]"
}

@misc{bhandari2019extratree,
  author = {Bhandari, Naman},
  title = {Extra Trees Classifier},
  howpublished = "\url{https://medium.com/@namanbhandari/extratreesclassifier-8e7fc0502c7}",
  year = {2019}, 
  note = "[Online; accessed 12-December-2019]"
}

@misc{wiki2019randomforest,
  author = {Wikipedia contributors},
  title = "Random forest --- {W}ikipedia{,} The Free Encyclopedia",
  year = "2019",
  howpublished = "\url{https://en.wikipedia.org/wiki/Random_forest}",
  note = "[Online; accessed 12-December-2019]"
}

@article{geurts206extratree,
  author = {Geurts, Pierre and Ernst, Damien and Wehenkel, Louis},
  title = {Extremely Randomized Trees},
  year = {2006},
  issue_date = {April 2006},
  publisher = {Kluwer Academic Publishers},
  address = {USA},
  volume = {63},
  number = {1},
  issn = {0885-6125},
  url = {https://doi.org/10.1007/s10994-006-6226-1},
  doi = {10.1007/s10994-006-6226-1},
  journal = {Mach. Learn.},
  month = apr,
  pages = {3â€“42},
  numpages = {40},
  keywords = {Supervised learning, Cut-point randomization, Kernel-based models, Bias/variance tradeoff, Ensemble methods, Decision and regression trees}
}

@misc{brownlee2019lstm,
  author = {Brownlee, Jason},
  title = "How to Develop LSTM Models for Time Series Forecasting",
  year = "2019",
  howpublished = "\url{https://machinelearningmastery.com/how-to-develop-lstm-models-for-time-series-forecasting/}",
  note = "[Online; accessed 19-December-2019]"
}

@misc{brownlee2019howtosupervised,
  author = {Brownlee, Jason},
  title = "How to Convert a Time Series to a Supervised Learning Problem in Python",
  year = "2019",
  howpublished = "\url{https://machinelearningmastery.com/convert-time-series-supervised-learning-problem-python/}",
  note = "[Online; accessed 10-November-2019]"
}

@misc{brownlee2019cnn,
  author = {Brownlee, Jason},
  title = "How to Develop 1D Convolutional Neural Network Models for Human Activity Recognition",
  year = "2019",
  howpublished = "\url{https://machinelearningmastery.com/cnn-models-for-human-activity-recognition-time-series-classification/}",
  note = "[Online; accessed 22-December-2019]"
}
